@book{hampton2019ecg,
	title={The ECG made easy e-book},
	author={Hampton, John R and Hampton, Joanna},
	year={2019},
	publisher={Elsevier Health Sciences}
}
